<record><leader>00000cas a22000007a 4500</leader><controlfield tag="001">25669213</controlfield><controlfield tag="008">920417d193u1938wyudn ne      0    0eng d</controlfield><datafield ind1=" " ind2=" " tag="010"><subfield code="a">sn 92066982 </subfield></datafield><datafield ind1=" " ind2=" " tag="040"><subfield code="a">NVO</subfield><subfield code="b">eng</subfield><subfield code="c">NVO</subfield><subfield code="d">DLC</subfield><subfield code="d">OCLCQ</subfield></datafield><datafield ind1=" " ind2=" " tag="042"><subfield code="a">msc</subfield></datafield><datafield ind1="0" ind2=" " tag="130"><subfield code="a">Daily bulletin (Laramie, Wyo.)</subfield></datafield><datafield ind1="1" ind2="0" tag="245"><subfield code="a">Daily bulletin.</subfield></datafield><datafield ind1=" " ind2=" " tag="260"><subfield code="a">Laramie, Wyo. :</subfield><subfield code="b">Laramie Pub. Co.</subfield></datafield><datafield ind1=" " ind2=" " tag="300"><subfield code="a">v.</subfield></datafield><datafield ind1=" " ind2=" " tag="310"><subfield code="a">Daily (except Sunday and Monday)</subfield></datafield><datafield ind1="1" ind2=" " tag="362"><subfield code="a">Began in 1931? Ceased in 1938.</subfield><subfield code="z">Cf. Homsher, L. Guide to Wyoming newspapers, 1867-1967.</subfield></datafield><datafield ind1=" " ind2=" " tag="588"><subfield code="a">Description based on: Vol. 5, no. 157 (July 1, 1936).</subfield></datafield><datafield ind1=" " ind2="4" tag="651"><subfield code="a">Laramie (Wyo.)</subfield><subfield code="v">Newspapers.</subfield></datafield><datafield ind1=" " ind2="4" tag="651"><subfield code="a">Albany County (Wyo.)</subfield><subfield code="v">Newspapers.</subfield></datafield><datafield ind1=" " ind2=" " tag="752"><subfield code="a">United States</subfield><subfield code="b">Wyoming</subfield><subfield code="c">Albany</subfield><subfield code="d">Laramie.</subfield></datafield><datafield ind1="0" ind2="0" tag="785"><subfield code="t">Laramie daily bulletin</subfield><subfield code="w">(DLC)sn 92066983</subfield></datafield><datafield ind1="1" ind2=" " tag="029"><subfield code="a">AU@</subfield><subfield code="b">000020694393</subfield></datafield></record>